@book{C1 ,
author = "Amparo López Gaona",
title = "Introducción a la programación con java",
publisher = {UNAM, Facultad de Ciencias},
address = {México D.F},
year = {2013}
}

@article{C2 ,
author =       "Omar Torreblanca Navarro",
title =        "Radiografía del amor",
journal =      "¿Cómo ves?",
year =         "2017",
}